<record><leader>00000cas a22000007a 4500</leader><controlfield tag="001">20475601</controlfield><controlfield tag="008">891011d18831884mouwr ne      0    0eng d</controlfield><datafield ind1=" " ind2=" " tag="010"><subfield code="a">sn 89067293 </subfield></datafield><datafield ind1=" " ind2=" " tag="040"><subfield code="a">MQN</subfield><subfield code="b">eng</subfield><subfield code="c">MQN</subfield><subfield code="d">OCLCQ</subfield></datafield><datafield ind1=" " ind2=" " tag="042"><subfield code="a">msc</subfield></datafield><datafield ind1="0" ind2="4" tag="245"><subfield code="a">The Kansas City weekly journal &amp; agriculturist.</subfield></datafield><datafield ind1="1" ind2="7" tag="246"><subfield code="a">Journal and agriculturist</subfield></datafield><datafield ind1=" " ind2=" " tag="260"><subfield code="a">Kansas City, Mo. :</subfield><subfield code="b">Journal Co.,</subfield><subfield code="c">1883-1884.</subfield></datafield><datafield ind1=" " ind2=" " tag="300"><subfield code="a">v.</subfield></datafield><datafield ind1=" " ind2=" " tag="310"><subfield code="a">Weekly</subfield></datafield><datafield ind1="0" ind2=" " tag="362"><subfield code="a">Vol. 30, no. 3 (Nov. 22, 1883)-v. 31, no. 8 (Dec. 25, 1884).</subfield></datafield><datafield ind1=" " ind2=" " tag="752"><subfield code="a">United States</subfield><subfield code="b">Missouri</subfield><subfield code="c">Jackson</subfield><subfield code="d">Kansas City.</subfield></datafield><datafield ind1="0" ind2=" " tag="775"><subfield code="t">Kansas City daily journal (Kansas City, Mo. : 1878)</subfield><subfield code="w">(DLC)sn 84020117</subfield></datafield><datafield ind1="0" ind2="0" tag="780"><subfield code="t">Weekly journal (Kansas City, Mo.)</subfield><subfield code="w">(DLC)sn 86063612</subfield></datafield><datafield ind1="0" ind2="0" tag="785"><subfield code="t">Kansas City weekly journal</subfield><subfield code="w">(DLC)sn 84020119</subfield></datafield></record>